<?xml version="1.0" encoding="UTF-8"?><collection xmlns="http://www.loc.gov/MARC21/slim"><record><leader>00527nam--2200169-i-4500</leader><controlfield tag="001">000041584</controlfield><controlfield tag="002">20161230</controlfield><controlfield tag="005">20161230201043</controlfield><controlfield tag="008">060222s1000------------r-----000-0-rus-d</controlfield><datafield ind1=" " ind2=" " tag="080"><subfield code="a">534</subfield></datafield><datafield ind1="1" ind2=" " tag="100"><subfield code="a">Silas,Gh</subfield></datafield><datafield ind1="1" ind2="0" tag="245"><subfield code="a">Culegere de probleme de vibratii mecanice</subfield><subfield code="b">I. sisteme liniare cu numar finit de grade de libertate</subfield><subfield code="c">Gh. silas, m. radoi, l. brindeu, h. klepp, a. hegedus</subfield></datafield><datafield ind1=" " ind2=" " tag="260"><subfield code="a">Bucuresti, Editura Tehnica, 1967</subfield></datafield><datafield ind1=" " ind2=" " tag="300"><subfield code="a">380 P</subfield></datafield><datafield ind1="1" ind2=" " tag="700"><subfield code="a">Hegedus, A</subfield></datafield><datafield ind1=" " ind2=" " tag="852"><subfield code="a">28092</subfield><subfield code="c">534</subfield></datafield><datafield ind1=" " ind2=" " tag="CAT"><subfield code="a">Sys</subfield><subfield code="c">20101007</subfield><subfield code="h">124557</subfield></datafield></record></collection>